%% This BibTeX bibliography file was created using BibDesk.
%% https://bibdesk.sourceforge.io/

%% Created for Christopher Reiners at 2019-07-21 23:20:31 +0200 


%% Saved with string encoding Unicode (UTF-8) 



@inproceedings{tSNE,
	Author = {van der Maaten, Laurens and Hinton, Geoffrey},
	Booktitle = {Journal of Machine Learning Research},
	Date-Added = {2019-07-20 15:38:09 +0200},
	Date-Modified = {2019-07-20 15:44:24 +0200},
	Editor = {Bengio, Yoshua},
	Keywords = {010},
	Pages = {2579-2605},
	Title = {Visualizing Data using t-SNE},
	Volume = {9},
	Year = {2008}}

@electronic{cartoon,
	Author = {Cole, Forrester and Fuman, Shiraz and Sarna, Aaron},
	Date-Added = {2019-07-19 15:38:58 +0200},
	Date-Modified = {2019-07-19 15:41:24 +0200},
	Title = {Cartoon Set},
	Url = {https://google.github.io/cartoonset/download.html},
	Urldate = {2019-07-19},
	Bdsk-Url-1 = {https://google.github.io/cartoonset/download.html}}

@inproceedings{Oudot,
	Author = {Steve Oudot},
	Booktitle = {Mathematical surveys and monographs},
	Date-Added = {2019-07-08 16:16:53 +0200},
	Date-Modified = {2019-07-08 16:26:08 +0200},
	Keywords = {009},
	Organization = {Inria Saclay, Palaiseau, France},
	Publisher = {American Mathematical Society (AMS)},
	Title = {Persistence Theory - From Quiver Representations to Data Analysis},
	Volume = {207},
	Year = {2015},
	Bdsk-File-1 = {YnBsaXN0MDDSAQIDBFxyZWxhdGl2ZVBhdGhZYWxpYXNEYXRhXxAYLi4vUXVlbGxlbi8wMDlfT3Vkb3QucGRmTxEBsgAAAAABsgACAAAMTWFjaW50b3NoIEhEAAAAAAAAAAAAAAAAAAAAAAAAAEJEAAH/////DTAwOV9PdWRvdC5wZGYAAAAAAAAAAAAAAAAAAAAAAAAAAAAAAAAAAAAAAAAAAAAAAAAAAAAAAAAAAAAAAAAAAP////8AAAAAAAAAAAAAAAAAAQACAAAKIGN1AAAAAAAAAAAAAAAAAAdRdWVsbGVuAAACAF4vOlVzZXJzOmNocmlzdG9waGVycmVpbmVyczpEb2N1bWVudHM6QmFjaGVsb3I6Ni4gU2VtZXN0ZXI6QmFjaGVsb3JhcmJlaXQ6UXVlbGxlbjowMDlfT3Vkb3QucGRmAA4AHAANADAAMAA5AF8ATwB1AGQAbwB0AC4AcABkAGYADwAaAAwATQBhAGMAaQBuAHQAbwBzAGgAIABIAEQAEgBcVXNlcnMvY2hyaXN0b3BoZXJyZWluZXJzL0RvY3VtZW50cy9CYWNoZWxvci82LiBTZW1lc3Rlci9CYWNoZWxvcmFyYmVpdC9RdWVsbGVuLzAwOV9PdWRvdC5wZGYAEwABLwAAFQACABn//wAAAAgADQAaACQAPwAAAAAAAAIBAAAAAAAAAAUAAAAAAAAAAAAAAAAAAAH1}}

@inproceedings{HAD,
	Author = {Robert Ghrist},
	Booktitle = {The Mathematics of Data},
	Date-Added = {2019-07-08 15:57:24 +0200},
	Date-Modified = {2019-07-08 16:08:29 +0200},
	Editor = {Michael Mahoney, John Duchi, Anna Gilbert},
	Keywords = {008},
	Pages = {273-325},
	Publisher = {AMS, IAS/Park City Mathematics Institute, and Society for Industrial and Applied Mathematics},
	Series = {IAS/Park City Mathematics Series},
	Title = {Homological Algebra and Data},
	Volume = {25},
	Year = {2018},
	Bdsk-File-1 = {YnBsaXN0MDDSAQIDBFxyZWxhdGl2ZVBhdGhZYWxpYXNEYXRhXxAWLi4vUXVlbGxlbi8wMDhfSEFELnBkZk8RAaoAAAAAAaoAAgAADE1hY2ludG9zaCBIRAAAAAAAAAAAAAAAAAAAAAAAAABCRAAB/////wswMDhfSEFELnBkZgAAAAAAAAAAAAAAAAAAAAAAAAAAAAAAAAAAAAAAAAAAAAAAAAAAAAAAAAAAAAAAAAAAAAD/////AAAAAAAAAAAAAAAAAAEAAgAACiBjdQAAAAAAAAAAAAAAAAAHUXVlbGxlbgAAAgBcLzpVc2VyczpjaHJpc3RvcGhlcnJlaW5lcnM6RG9jdW1lbnRzOkJhY2hlbG9yOjYuIFNlbWVzdGVyOkJhY2hlbG9yYXJiZWl0OlF1ZWxsZW46MDA4X0hBRC5wZGYADgAYAAsAMAAwADgAXwBIAEEARAAuAHAAZABmAA8AGgAMAE0AYQBjAGkAbgB0AG8AcwBoACAASABEABIAWlVzZXJzL2NocmlzdG9waGVycmVpbmVycy9Eb2N1bWVudHMvQmFjaGVsb3IvNi4gU2VtZXN0ZXIvQmFjaGVsb3JhcmJlaXQvUXVlbGxlbi8wMDhfSEFELnBkZgATAAEvAAAVAAIAGf//AAAACAANABoAJAA9AAAAAAAAAgEAAAAAAAAABQAAAAAAAAAAAAAAAAAAAes=},
	Bdsk-Url-1 = {https://bookstore.ams.org/pcms-25/}}

@article{Barcodes,
	Author = {Ghrist, Robert},
	Date-Added = {2019-07-08 11:49:07 +0200},
	Date-Modified = {2019-07-08 11:49:37 +0200},
	Doi = {10.1090/s0273-0979-07-01191-3},
	Issn = {0273-0979},
	Journal = {Bulletin of the American Mathematical Society},
	Keywords = {006},
	Month = {Oct},
	Number = {01},
	Pages = {61--76},
	Publisher = {American Mathematical Society (AMS)},
	Title = {Barcodes: The persistent topology of data},
	Url = {http://dx.doi.org/10.1090/S0273-0979-07-01191-3},
	Volume = {45},
	Year = {2007},
	Bdsk-File-1 = {YnBsaXN0MDDSAQIDBFxyZWxhdGl2ZVBhdGhZYWxpYXNEYXRhXxAbLi4vUXVlbGxlbi8wMDZfQmFyY29kZXMucGRmTxEBwAAAAAABwAACAAAMTWFjaW50b3NoIEhEAAAAAAAAAAAAAAAAAAAAAAAAAEJEAAH/////EDAwNl9CYXJjb2Rlcy5wZGYAAAAAAAAAAAAAAAAAAAAAAAAAAAAAAAAAAAAAAAAAAAAAAAAAAAAAAAAAAAAAAP////8AAAAAAAAAAAAAAAAAAQACAAAKIGN1AAAAAAAAAAAAAAAAAAdRdWVsbGVuAAACAGEvOlVzZXJzOmNocmlzdG9waGVycmVpbmVyczpEb2N1bWVudHM6QmFjaGVsb3I6Ni4gU2VtZXN0ZXI6QmFjaGVsb3JhcmJlaXQ6UXVlbGxlbjowMDZfQmFyY29kZXMucGRmAAAOACIAEAAwADAANgBfAEIAYQByAGMAbwBkAGUAcwAuAHAAZABmAA8AGgAMAE0AYQBjAGkAbgB0AG8AcwBoACAASABEABIAX1VzZXJzL2NocmlzdG9waGVycmVpbmVycy9Eb2N1bWVudHMvQmFjaGVsb3IvNi4gU2VtZXN0ZXIvQmFjaGVsb3JhcmJlaXQvUXVlbGxlbi8wMDZfQmFyY29kZXMucGRmAAATAAEvAAAVAAIAGf//AAAACAANABoAJABCAAAAAAAAAgEAAAAAAAAABQAAAAAAAAAAAAAAAAAAAgY=},
	Bdsk-Url-1 = {http://dx.doi.org/10.1090/S0273-0979-07-01191-3},
	Bdsk-Url-2 = {http://dx.doi.org/10.1090/s0273-0979-07-01191-3}}

@electronic{cpu,
	Author = {Leland McInnes and John Healy and Nathaniel Saul and Lukas Grossberger},
	Date-Added = {2019-07-08 08:50:13 +0200},
	Date-Modified = {2019-07-19 15:37:50 +0200},
	Lastchecked = {07/08/2019},
	Title = {UMAP},
	Url = {https://github.com/lmcinnes/umap},
	Urldate = {2018-07-22},
	Year = {2018},
	Bdsk-Url-1 = {https://github.com/lmcinnes/umap}}

@article{Fefferman,
	Author = {Fefferman, Charles and Mitter, Sanjoy and Narayanan, Hariharan},
	Date-Added = {2019-06-12 18:56:47 +0200},
	Date-Modified = {2019-06-12 18:57:09 +0200},
	Doi = {10.1090/jams/852},
	Issn = {1088-6834},
	Journal = {Journal of the American Mathematical Society},
	Keywords = {005},
	Month = {02},
	Number = {4},
	Pages = {983--1049},
	Publisher = {American Mathematical Society (AMS)},
	Title = {Testing the manifold hypothesis},
	Url = {http://dx.doi.org/10.1090/jams/852},
	Volume = {29},
	Year = {2016},
	Bdsk-Url-1 = {http://dx.doi.org/10.1090/jams/852}}

@incollection{Mitter,
	Author = {Hariharan Narayanan and Sanjoy Mitter},
	Booktitle = {Advances in Neural Information Processing Systems 23},
	Date-Added = {2019-06-12 18:51:24 +0200},
	Date-Modified = {2019-07-08 15:50:21 +0200},
	Editor = {J. D. Lafferty and C. K. I. Williams and J. Shawe-Taylor and R. S. Zemel and A. Culotta},
	Keywords = {007},
	Pages = {1786--1794},
	Publisher = {Curran Associates, Inc.},
	Title = {Sample Complexity of Testing the Manifold Hypothesis},
	Url = {http://papers.nips.cc/paper/3958-sample-complexity-of-testing-the-manifold-hypothesis.pdf},
	Year = {2010},
	Bdsk-Url-1 = {http://papers.nips.cc/paper/3958-sample-complexity-of-testing-the-manifold-hypothesis.pdf}}

@incollection{Rifai,
	Author = {Salah Rifai and Dauphin, Yann N and Vincent, Pascal and Bengio, Yoshua and Xavier Muller},
	Booktitle = {Advances in Neural Information Processing Systems 24},
	Date-Added = {2019-06-12 18:43:47 +0200},
	Date-Modified = {2019-07-08 15:49:54 +0200},
	Editor = {J. Shawe-Taylor and R. S. Zemel and P. L. Bartlett and F. Pereira and K. Q. Weinberger},
	Keywords = {004},
	Pages = {2294--2302},
	Publisher = {Curran Associates, Inc.},
	Title = {The Manifold Tangent Classifier},
	Url = {http://papers.nips.cc/paper/4409-the-manifold-tangent-classifier.pdf},
	Year = {2011},
	Bdsk-Url-1 = {http://papers.nips.cc/paper/4409-the-manifold-tangent-classifier.pdf}}

@article{Levy,
	Abstract = {We examine the use of classes to formulate several categorical notions. This leads to two proposals: an explicit structure for working with subobjects, and a hierarchy of k k - classes . We apply the latter to both ordinary and higher categories.},
	Annote = {arXiv:1801.08528

Definition of a class},
	Author = {Paul Blain Levy},
	Date-Added = {2019-06-12 14:32:24 +0200},
	Date-Modified = {2019-06-12 14:36:47 +0200},
	Keywords = {003},
	Title = {Formulating Categorical Concepts using Classes},
	Year = {2018},
	Bdsk-Url-1 = {https://arxiv.org/abs/1801.08528},
	Bdsk-Url-2 = {https://arxiv.org/pdf/1801.08528.pdf}}

@book{Brandenburg,
	Author = {Brandenburg, Martin},
	Date-Added = {2019-05-29 10:07:57 +0200},
	Date-Modified = {2019-05-29 10:09:44 +0200},
	Doi = {10.1007/978-3-662-47068-8},
	Isbn = {9783662470688},
	Keywords = {002},
	Publisher = {Springer Berlin Heidelberg},
	Title = {Einf{\"u}hrung in die Kategorientheorie},
	Url = {http://dx.doi.org/10.1007/978-3-662-47068-8},
	Year = {2016},
	Bdsk-Url-1 = {http://dx.doi.org/10.1007/978-3-662-47068-8}}

@article{Becht,
	Abstract = {Uniform Manifold Approximation and Projection (UMAP) is a recently-published non-linear dimensionality reduction technique. Another such algorithm, t-SNE, has been the default method for such task in the past years. Herein we comment on the usefulness of UMAP high-dimensional cytometry and single-cell RNA sequencing, notably highlighting faster runtime and consistency, meaningful organization of cell clusters and preservation of continuums in UMAP compared to t-SNE.},
	Author = {Becht, Etienne and Dutertre, Charles-Antoine and Kwok, Immanuel W. H. and Ng, Lai Guan and Ginhoux, Florent and Newell, Evan W.},
	Date-Added = {2019-05-03 13:20:42 +0200},
	Date-Modified = {2019-05-03 13:21:05 +0200},
	Doi = {10.1101/298430},
	Elocation-Id = {298430},
	Eprint = {https://www.biorxiv.org/content/early/2018/04/10/298430.full.pdf},
	Journal = {bioRxiv},
	Keywords = {4},
	Publisher = {Cold Spring Harbor Laboratory},
	Title = {Evaluation of UMAP as an alternative to t-SNE for single-cell data},
	Url = {https://www.biorxiv.org/content/early/2018/04/10/298430},
	Year = {2018},
	Bdsk-File-1 = {YnBsaXN0MDDSAQIDBFxyZWxhdGl2ZVBhdGhZYWxpYXNEYXRhXxAWLi4vUXVlbGxlbi80X0JlY2h0LnBkZk8RAaoAAAAAAaoAAgAADE1hY2ludG9zaCBIRAAAAAAAAAAAAAAAAAAAAAAAAABCRAAB/////ws0X0JlY2h0LnBkZgAAAAAAAAAAAAAAAAAAAAAAAAAAAAAAAAAAAAAAAAAAAAAAAAAAAAAAAAAAAAAAAAAAAAD/////AAAAAAAAAAAAAAAAAAEAAgAACiBjdQAAAAAAAAAAAAAAAAAHUXVlbGxlbgAAAgBcLzpVc2VyczpjaHJpc3RvcGhlcnJlaW5lcnM6RG9jdW1lbnRzOkJhY2hlbG9yOjYuIFNlbWVzdGVyOkJhY2hlbG9yYXJiZWl0OlF1ZWxsZW46NF9CZWNodC5wZGYADgAYAAsANABfAEIAZQBjAGgAdAAuAHAAZABmAA8AGgAMAE0AYQBjAGkAbgB0AG8AcwBoACAASABEABIAWlVzZXJzL2NocmlzdG9waGVycmVpbmVycy9Eb2N1bWVudHMvQmFjaGVsb3IvNi4gU2VtZXN0ZXIvQmFjaGVsb3JhcmJlaXQvUXVlbGxlbi80X0JlY2h0LnBkZgATAAEvAAAVAAIAGf//AAAACAANABoAJAA9AAAAAAAAAgEAAAAAAAAABQAAAAAAAAAAAAAAAAAAAes=},
	Bdsk-Url-1 = {https://www.biorxiv.org/content/early/2018/04/10/298430},
	Bdsk-Url-2 = {https://doi.org/10.1101/298430}}

@mastersthesis{Posada,
	Author = {Jose Daniel Gallego Posada},
	Date-Added = {2019-05-03 10:25:31 +0200},
	Date-Modified = {2019-05-03 10:27:47 +0200},
	Keywords = {38},
	School = {University of Amsterdam},
	Title = {Simplicial Autoencoders},
	Year = {2018},
	Bdsk-File-1 = {YnBsaXN0MDDSAQIDBFxyZWxhdGl2ZVBhdGhZYWxpYXNEYXRhXxAYLi4vUXVlbGxlbi8zOF9QYXNhZG8ucGRmTxEBsgAAAAABsgACAAAMTWFjaW50b3NoIEhEAAAAAAAAAAAAAAAAAAAAAAAAAEJEAAH/////DTM4X1Bhc2Fkby5wZGYAAAAAAAAAAAAAAAAAAAAAAAAAAAAAAAAAAAAAAAAAAAAAAAAAAAAAAAAAAAAAAAAAAP////8AAAAAAAAAAAAAAAAAAQACAAAKIGN1AAAAAAAAAAAAAAAAAAdRdWVsbGVuAAACAF4vOlVzZXJzOmNocmlzdG9waGVycmVpbmVyczpEb2N1bWVudHM6QmFjaGVsb3I6Ni4gU2VtZXN0ZXI6QmFjaGVsb3JhcmJlaXQ6UXVlbGxlbjozOF9QYXNhZG8ucGRmAA4AHAANADMAOABfAFAAYQBzAGEAZABvAC4AcABkAGYADwAaAAwATQBhAGMAaQBuAHQAbwBzAGgAIABIAEQAEgBcVXNlcnMvY2hyaXN0b3BoZXJyZWluZXJzL0RvY3VtZW50cy9CYWNoZWxvci82LiBTZW1lc3Rlci9CYWNoZWxvcmFyYmVpdC9RdWVsbGVuLzM4X1Bhc2Fkby5wZGYAEwABLwAAFQACABn//wAAAAgADQAaACQAPwAAAAAAAAIBAAAAAAAAAAUAAAAAAAAAAAAAAAAAAAH1}}

@article{Niyogi,
	Abstract = { One of the central problems in machine learning and pattern recognition is to develop appropriate representations for complex data. We consider the problem of constructing a representation for data lying on a low-dimensional manifold embedded in a high-dimensional space. Drawing on the correspondence between the graph Laplacian, the Laplace Beltrami operator on the manifold, and the connections to the heat equation, we propose a geometrically motivated algorithm for representing the high-dimensional data. The algorithm provides a computationally efficient approach to nonlinear dimensionality reduction that has locality-preserving properties and a natural connection to clustering. Some potential applications and illustrative examples are discussed. },
	Author = {Belkin, Mikhail and Niyogi, Partha},
	Date-Added = {2019-05-02 10:32:51 +0200},
	Date-Modified = {2019-05-02 10:33:12 +0200},
	Doi = {10.1162/089976603321780317},
	Eprint = {https://doi.org/10.1162/089976603321780317},
	Journal = {Neural Computation},
	Keywords = {6},
	Number = {6},
	Pages = {1373-1396},
	Title = {Laplacian Eigenmaps for Dimensionality Reduction and Data Representation},
	Url = {https://doi.org/10.1162/089976603321780317},
	Volume = {15},
	Year = {2003},
	Bdsk-File-1 = {YnBsaXN0MDDSAQIDBFxyZWxhdGl2ZVBhdGhZYWxpYXNEYXRhXxAXLi4vUXVlbGxlbi82X05peW9naS5wZGZPEQGwAAAAAAGwAAIAAAxNYWNpbnRvc2ggSEQAAAAAAAAAAAAAAAAAAAAAAAAAQkQAAf////8MNl9OaXlvZ2kucGRmAAAAAAAAAAAAAAAAAAAAAAAAAAAAAAAAAAAAAAAAAAAAAAAAAAAAAAAAAAAAAAAAAAAA/////wAAAAAAAAAAAAAAAAABAAIAAAogY3UAAAAAAAAAAAAAAAAAB1F1ZWxsZW4AAAIAXS86VXNlcnM6Y2hyaXN0b3BoZXJyZWluZXJzOkRvY3VtZW50czpCYWNoZWxvcjo2LiBTZW1lc3RlcjpCYWNoZWxvcmFyYmVpdDpRdWVsbGVuOjZfTml5b2dpLnBkZgAADgAaAAwANgBfAE4AaQB5AG8AZwBpAC4AcABkAGYADwAaAAwATQBhAGMAaQBuAHQAbwBzAGgAIABIAEQAEgBbVXNlcnMvY2hyaXN0b3BoZXJyZWluZXJzL0RvY3VtZW50cy9CYWNoZWxvci82LiBTZW1lc3Rlci9CYWNoZWxvcmFyYmVpdC9RdWVsbGVuLzZfTml5b2dpLnBkZgAAEwABLwAAFQACABn//wAAAAgADQAaACQAPgAAAAAAAAIBAAAAAAAAAAUAAAAAAAAAAAAAAAAAAAHy},
	Bdsk-Url-1 = {https://doi.org/10.1162/089976603321780317}}

@incollection{Belkin,
	Annote = {Zitiert Tenebaum et. al 2000 {\"u}ber Diskussion zu biologischer Anwendung von lokalen Dimensionsreduktionsalgorithmen. Entwicklung neuer Kategorien in biologischer Wahrnehmung.

Konstuiert Graphen welcher Metrik nutzt. Wie wird diese gew{\"a}hlt? K{\"o}nnte sich stark von der geod{\"a}tischen Distanz unterscheiden.

Verfahren:
1. Konstruiere Graph (eps-Neighbourhood oder n nearest neighbours)
2. Gewichte Kanten (Heat kernel oder Gewichte konstant)
3. L{\"o}se Eigenvektorproblem },
	Author = {Belkin, Mikhail and Partha Niyogi},
	Booktitle = {Advances in Neural Information Processing Systems 14},
	Date-Added = {2019-05-02 10:27:32 +0200},
	Date-Modified = {2019-05-02 11:54:45 +0200},
	Editor = {T. G. Dietterich and S. Becker and Z. Ghahramani},
	Keywords = {5, Laplacian eigenmaps},
	Pages = {585--591},
	Publisher = {MIT Press},
	Title = {Laplacian Eigenmaps and Spectral Techniques for Embedding and Clustering},
	Url = {http://papers.nips.cc/paper/1961-laplacian-eigenmaps-and-spectral-techniques-for-embedding-and-clustering.pdf},
	Year = {2002},
	Bdsk-File-1 = {YnBsaXN0MDDSAQIDBFxyZWxhdGl2ZVBhdGhZYWxpYXNEYXRhXxAXLi4vUXVlbGxlbi81X0JlbGtpbi5wZGZPEQGwAAAAAAGwAAIAAAxNYWNpbnRvc2ggSEQAAAAAAAAAAAAAAAAAAAAAAAAAQkQAAf////8MNV9CZWxraW4ucGRmAAAAAAAAAAAAAAAAAAAAAAAAAAAAAAAAAAAAAAAAAAAAAAAAAAAAAAAAAAAAAAAAAAAA/////wAAAAAAAAAAAAAAAAABAAIAAAogY3UAAAAAAAAAAAAAAAAAB1F1ZWxsZW4AAAIAXS86VXNlcnM6Y2hyaXN0b3BoZXJyZWluZXJzOkRvY3VtZW50czpCYWNoZWxvcjo2LiBTZW1lc3RlcjpCYWNoZWxvcmFyYmVpdDpRdWVsbGVuOjVfQmVsa2luLnBkZgAADgAaAAwANQBfAEIAZQBsAGsAaQBuAC4AcABkAGYADwAaAAwATQBhAGMAaQBuAHQAbwBzAGgAIABIAEQAEgBbVXNlcnMvY2hyaXN0b3BoZXJyZWluZXJzL0RvY3VtZW50cy9CYWNoZWxvci82LiBTZW1lc3Rlci9CYWNoZWxvcmFyYmVpdC9RdWVsbGVuLzVfQmVsa2luLnBkZgAAEwABLwAAFQACABn//wAAAAgADQAaACQAPgAAAAAAAAIBAAAAAAAAAAUAAAAAAAAAAAAAAAAAAAHy},
	Bdsk-Url-1 = {http://papers.nips.cc/paper/1961-laplacian-eigenmaps-and-spectral-techniques-for-embedding-and-clustering.pdf}}

@article{Barr,
	Author = {Barr, Michael},
	Date-Added = {2019-03-13 17:09:42 +0100},
	Date-Modified = {2019-03-13 17:10:13 +0100},
	Doi = {10.4153/cmb-1986-079-9},
	Issn = {1496-4287},
	Journal = {Canadian Mathematical Bulletin},
	Keywords = {3},
	Month = {12},
	Number = {04},
	Pages = {501--508},
	Publisher = {Canadian Mathematical Society},
	Title = {Fuzzy Set Theory and Topos Theory},
	Url = {http://dx.doi.org/10.4153/CMB-1986-079-9},
	Volume = {29},
	Year = {1986},
	Bdsk-Url-1 = {http://dx.doi.org/10.4153/CMB-1986-079-9},
	Bdsk-Url-2 = {http://dx.doi.org/10.4153/cmb-1986-079-9}}

@inproceedings{k-NNG,
	Acmid = {1963487},
	Address = {New York, NY, USA},
	Author = {Dong, Wei and Moses, Charikar and Li, Kai},
	Booktitle = {Proceedings of the 20th International Conference on World Wide Web},
	Date-Modified = {2019-03-11 21:32:35 +0100},
	Isbn = {978-1-4503-0632-4},
	Keywords = {16, arbitrary similarity measure, iterative method, k-nearest neighbor graph},
	Location = {Hyderabad, India},
	Numpages = {10},
	Pages = {577--586},
	Publisher = {ACM},
	Series = {WWW '11},
	Title = {Efficient K-nearest Neighbor Graph Construction for Generic Similarity Measures},
	Year = {2011},
	Bdsk-Url-1 = {http://doi.acm.org/10.1145/1963405.1963487},
	Bdsk-Url-2 = {https://doi.org/10.1145/1963405.1963487}}

@book{Munkres,
	Address = {Menlo Park u.a.},
	Author = {Munkres, James R},
	Date-Added = {2019-03-11 19:16:00 +0100},
	Date-Modified = {2019-05-02 10:29:18 +0200},
	Isbn = {0201045869, 9780201045864},
	Keywords = {001, Algebraische Topologie, Mathematics},
	Lccn = {MUN},
	Publisher = {Addison-Wesley},
	Title = {Elements of algebraic topology},
	Year = {1984}}

@inproceedings{Tang,
	Acmid = {2883041},
	Address = {Republic and Canton of Geneva, Switzerland},
	Author = {Tang, Jian and Liu, Jingzhou and Zhang, Ming and Mei, Qiaozhu},
	Booktitle = {Proceedings of the 25th International Conference on World Wide Web},
	Doi = {10.1145/2872427.2883041},
	Isbn = {978-1-4503-4143-1},
	Keywords = {big data, high-dimensional data, visualization},
	Location = {Montr\&\#233;al, Qu\&\#233;bec, Canada},
	Numpages = {11},
	Pages = {287--297},
	Publisher = {International World Wide Web Conferences Steering Committee},
	Series = {WWW '16},
	Title = {Visualizing Large-scale and High-dimensional Data},
	Url = {https://doi.org/10.1145/2872427.2883041},
	Year = {2016},
	Bdsk-Url-1 = {https://doi.org/10.1145/2872427.2883041}}

@article{UMAP,
	Abstract = {UMAP (Uniform Manifold Approximation and Projection) is a novel manifold learning technique for dimension reduction. UMAP is constructed from a theoretical framework based in Riemannian geometry and algebraic topology. The result is a practical scalable algorithm that applies to real world data. The UMAP algorithm is competitive with t-SNE for visualization quality, and arguably preserves more of the global structure with superior run time performance. Furthermore, UMAP has no computational restrictions on embedding dimension, making it viable as a general purpose dimension reduction technique for machine learning.},
	Author = {Leland McInnes and John Healy and James Melville},
	Date-Added = {2019-03-08 12:00:47 +0100},
	Date-Modified = {2019-05-02 10:28:55 +0200},
	Keywords = {0},
	Title = {UMAP: Uniform Manifold Approximation and Projection for Dimension Reduction},
	Bdsk-File-1 = {YnBsaXN0MDDSAQIDBFxyZWxhdGl2ZVBhdGhZYWxpYXNEYXRhXxAVLi4vUXVlbGxlbi8wX1VNQVAucGRmTxEBqAAAAAABqAACAAAMTWFjaW50b3NoIEhEAAAAAAAAAAAAAAAAAAAAAAAAAEJEAAH/////CjBfVU1BUC5wZGYAAAAAAAAAAAAAAAAAAAAAAAAAAAAAAAAAAAAAAAAAAAAAAAAAAAAAAAAAAAAAAAAAAAAAAP////8AAAAAAAAAAAAAAAAAAQACAAAKIGN1AAAAAAAAAAAAAAAAAAdRdWVsbGVuAAACAFsvOlVzZXJzOmNocmlzdG9waGVycmVpbmVyczpEb2N1bWVudHM6QmFjaGVsb3I6Ni4gU2VtZXN0ZXI6QmFjaGVsb3JhcmJlaXQ6UXVlbGxlbjowX1VNQVAucGRmAAAOABYACgAwAF8AVQBNAEEAUAAuAHAAZABmAA8AGgAMAE0AYQBjAGkAbgB0AG8AcwBoACAASABEABIAWVVzZXJzL2NocmlzdG9waGVycmVpbmVycy9Eb2N1bWVudHMvQmFjaGVsb3IvNi4gU2VtZXN0ZXIvQmFjaGVsb3JhcmJlaXQvUXVlbGxlbi8wX1VNQVAucGRmAAATAAEvAAAVAAIAGf//AAAACAANABoAJAA8AAAAAAAAAgEAAAAAAAAABQAAAAAAAAAAAAAAAAAAAeg=}}
